<record><leader>00000cas a2200000 a 4500</leader><controlfield tag="001">1566005</controlfield><controlfield tag="008">750824d19011927miuwr ne      0   a0eng c</controlfield><datafield ind1=" " ind2=" " tag="010"><subfield code="a">  2013218776</subfield><subfield code="z">ca 22000047 </subfield></datafield><datafield ind1=" " ind2=" " tag="040"><subfield code="a">MUL</subfield><subfield code="b">eng</subfield><subfield code="c">MUL</subfield><subfield code="d">IUL</subfield><subfield code="d">OCL</subfield><subfield code="d">MUL</subfield><subfield code="d">NVK</subfield><subfield code="d">MHN</subfield><subfield code="d">OCL</subfield><subfield code="d">NVK</subfield><subfield code="d">OCLCQ</subfield><subfield code="d">OCLCG</subfield><subfield code="d">OCLCQ</subfield><subfield code="d">DLC</subfield><subfield code="d">OCLCA</subfield><subfield code="d">OCLCF</subfield><subfield code="d">DLC</subfield><subfield code="d">OCLCO</subfield></datafield><datafield ind1=" " ind2=" " tag="019"><subfield code="a">2446322</subfield><subfield code="a">228717415</subfield></datafield><datafield ind1="0" ind2=" " tag="022"><subfield code="a">2378-0622</subfield><subfield code="2">1</subfield></datafield><datafield ind1=" " ind2=" " tag="042"><subfield code="a">pcc</subfield><subfield code="a">nsdp</subfield></datafield><datafield ind1=" " ind2=" " tag="043"><subfield code="a">n-us-mi</subfield></datafield><datafield ind1="0" ind2="0" tag="050"><subfield code="a">Newspaper</subfield></datafield><datafield ind1="0" ind2="0" tag="050"><subfield code="a">AP2</subfield><subfield code="b">.D287</subfield></datafield><datafield ind1="0" ind2="0" tag="082"><subfield code="a">071</subfield><subfield code="2">23</subfield></datafield><datafield ind1="0" ind2=" " tag="130"><subfield code="a">Dearborn independent (Dearborn, Mich.)</subfield></datafield><datafield ind1=" " ind2="0" tag="222"><subfield code="a">Dearborn independent</subfield><subfield code="b">(Dearborn, Mich. Print)</subfield></datafield><datafield ind1="1" ind2="0" tag="245"><subfield code="a">Dearborn independent.</subfield></datafield><datafield ind1=" " ind2=" " tag="260"><subfield code="a">Dearborn, Mich. :</subfield><subfield code="b">Suburban Pub. Co.</subfield></datafield><datafield ind1=" " ind2=" " tag="300"><subfield code="a">28 v. :</subfield><subfield code="b">ill. ;</subfield><subfield code="c">40-51 cm.</subfield></datafield><datafield ind1=" " ind2=" " tag="310"><subfield code="a">Weekly</subfield></datafield><datafield ind1="1" ind2=" " tag="362"><subfield code="a">Began in 1901? Ceased with v. 28, 1927;</subfield><subfield code="z">Cf. Ayer.</subfield></datafield><datafield ind1=" " ind2=" " tag="500"><subfield code="a">"The Ford international weekly" appears with title in masthead, &lt;Jan 1919-Apr. 1925&gt;.</subfield></datafield><datafield ind1=" " ind2=" " tag="500"><subfield code="a">Includes editorial page by Henry Ford.</subfield></datafield><datafield ind1=" " ind2=" " tag="500"><subfield code="a">Published as a weekly periodical &lt;Nov. 1, 1919&gt;-&lt;Dec. 31, 1927&gt;</subfield></datafield><datafield ind1=" " ind2=" " tag="515"><subfield code="a">Numbering irregular.</subfield></datafield><datafield ind1=" " ind2=" " tag="530"><subfield code="a">Available on microfilm from the Auburn University Libraries.</subfield></datafield><datafield ind1=" " ind2=" " tag="530"><subfield code="a">Archived issues are available in digital format from the Library of Congress Chronicling America online collection.</subfield></datafield><datafield ind1=" " ind2=" " tag="588"><subfield code="a">Description based on: Vol. 7, no. 27 (Jan 31, 1908).</subfield></datafield><datafield ind1=" " ind2="0" tag="651"><subfield code="a">Dearborn (Mich.)</subfield><subfield code="v">Newspapers.</subfield></datafield><datafield ind1=" " ind2="0" tag="651"><subfield code="a">Wayne County (Mich.)</subfield><subfield code="v">Newspapers.</subfield></datafield><datafield ind1=" " ind2="0" tag="651"><subfield code="a">Michigan</subfield><subfield code="v">Periodicals.</subfield></datafield><datafield ind1=" " ind2="7" tag="651"><subfield code="a">Michigan.</subfield><subfield code="2">fast</subfield><subfield code="0">(OCoLC)fst01208387</subfield></datafield><datafield ind1=" " ind2="7" tag="651"><subfield code="a">Michigan</subfield><subfield code="z">Dearborn.</subfield><subfield code="2">fast</subfield><subfield code="0">(OCoLC)fst01205237</subfield></datafield><datafield ind1=" " ind2="7" tag="651"><subfield code="a">Michigan</subfield><subfield code="z">Wayne County.</subfield><subfield code="2">fast</subfield><subfield code="0">(OCoLC)fst01206628</subfield></datafield><datafield ind1=" " ind2="7" tag="655"><subfield code="a">Newspapers.</subfield><subfield code="2">fast</subfield><subfield code="0">(OCoLC)fst01423814</subfield></datafield><datafield ind1=" " ind2="7" tag="655"><subfield code="a">Periodicals.</subfield><subfield code="2">fast</subfield><subfield code="0">(OCoLC)fst01411641</subfield></datafield><datafield ind1="1" ind2=" " tag="700"><subfield code="a">Ford, Henry,</subfield><subfield code="d">1863-1947.</subfield></datafield><datafield ind1=" " ind2=" " tag="752"><subfield code="a">United States</subfield><subfield code="b">Michigan</subfield><subfield code="c">Wayne</subfield><subfield code="d">Dearborn.</subfield></datafield><datafield ind1="0" ind2="8" tag="776"><subfield code="i">Online version:</subfield><subfield code="t">Dearborn independent (Dearborn, Mich.)</subfield><subfield code="x">2378-0630</subfield><subfield code="w">(DLC)  2015218618</subfield><subfield code="w">(OCoLC)566208609</subfield></datafield><datafield ind1="4" ind2="1" tag="856"><subfield code="u">http://www.loc.gov/chroniclingamerica/lccn/2013218776/issues</subfield></datafield><datafield ind1=" " ind2=" " tag="936"><subfield code="a">Unknown</subfield><subfield code="a">Dec. 1927</subfield></datafield></record>